<?xml version="1.0" encoding="UTF-8"?><record xmlns="http://www.loc.gov/MARC21/slim" xmlns:cinclude="http://apache.org/cocoon/include/1.0" xmlns:zs="http://www.loc.gov/zing/srw/">
  <leader>00421nz  a2200133n  4500</leader>
  <controlfield tag="001">no2008134853</controlfield>
  <controlfield tag="003">DLC</controlfield>
  <controlfield tag="005">20080917082016.0</controlfield>
  <controlfield tag="008">080905n| acannaabn          |n aaa     c</controlfield>
  <datafield tag="010" ind1=" " ind2=" ">
    <subfield code="a">no2008134853</subfield>
  </datafield>
  <datafield tag="035" ind1=" " ind2=" ">
    <subfield code="a">(OCoLC)oca07878942</subfield>
  </datafield>
  <datafield tag="040" ind1=" " ind2=" ">
    <subfield code="a">MdSsNOAA</subfield>
    <subfield code="b">eng</subfield>
    <subfield code="c">MdSsNOAA</subfield>
  </datafield>
  <datafield tag="100" ind1="1" ind2=" ">
    <subfield code="a">Cloyd, Emily T.</subfield>
  </datafield>
  <datafield tag="670" ind1=" " ind2=" ">
    <subfield code="a">Establishing National Ocean Service priorities for estuarine, coastal, and ocean modeling, 2007:</subfield>
    <subfield code="b">t.p. (Emily T. Cloyd)</subfield>
  </datafield>
</record>